<?xml version="1.0" encoding="UTF-8"?><collection xmlns="http://www.loc.gov/MARC21/slim"><record><leader>00508nam--2200193-u-4500</leader><controlfield tag="001">000053033</controlfield><controlfield tag="002">20161230</controlfield><controlfield tag="005">20161230201050</controlfield><controlfield tag="008">110103s1000------------r-----000-0-eng-d</controlfield><datafield ind1=" " ind2=" " tag="020"><subfield code="a">9780387309293</subfield></datafield><datafield ind1=" " ind2=" " tag="040"><subfield code="a">IFIN-HH</subfield></datafield><datafield ind1=" " ind2=" " tag="080"><subfield code="a">537.226:537.87</subfield></datafield><datafield ind1="1" ind2=" " tag="100"><subfield code="a">Yeh, C</subfield></datafield><datafield ind1="1" ind2="0" tag="245"><subfield code="a">The essence of dielectric waveguides</subfield><subfield code="c">C. yeh; f.i. shimabukuro</subfield></datafield><datafield ind1=" " ind2=" " tag="260"><subfield code="a">New York</subfield><subfield code="b">Springer Science</subfield><subfield code="c">2008</subfield></datafield><datafield ind1=" " ind2=" " tag="300"><subfield code="a">522P</subfield></datafield><datafield ind1="1" ind2=" " tag="700"><subfield code="a">Shimabukuro, F.I</subfield></datafield><datafield ind1=" " ind2=" " tag="852"><subfield code="a">82219</subfield><subfield code="c">537.226</subfield></datafield><datafield ind1=" " ind2=" " tag="CAT"><subfield code="a">Sys</subfield><subfield code="c">20110103</subfield><subfield code="h">132102</subfield></datafield></record></collection>